=LDR  01344 as a2200373 i 4500
=001  020037246
=003  Uk
=005  20201210114844.0
=006  m\\\\\|\\d\|\\\\\\
=007  cr\|||||||||||
=008  201209c20199999wlkar\\\o\\\\o0\\\a0wel\\
=FMT  \\$a  SE
=040  \\$aUk$beng$cUk$erda
=042  \\$aukblsr
=082  04$a353.53609429$223
=110  2\$aChildren's Commissioner for Wales,$eauthor.
=245  10$aChyfrifon /$cComisiynydd Plant Cymru, Children's Commissioner for Wales.
=264  \1$aSwansea :$bComisiynydd Plant Cymru
=310  \\$aAnnual
=336  \\$atext$2rdacontent
=337  \\$acomputer$2rdamedia
=338  \\$aonline resource$2rdacarrier
=362  0\$a2019/20-
=588  \\$aTitle from PDF cover (publisher's Web site, viewed December 8, 2020).
=610  20$aChildren's Commissioner for Wales$xFinance$vPeriodicals.
=775  0\$aChildren's Commissioner for Wales.$tChyfrifon. English
=780  01$aChildren's Commissioner for Wales.$tAdroddiad blynyddol a chyfrifon (2018)
=859  \\$aELD$bejournal
=CAT  \\$a3072$b40$c20201209$lBLL01$h1755
=CAT  \\$a3072$b40$c20201210$lBLL01$h1044
=CAT  \\$a3072$b40$c20201210$lBLL01$h1148
=LET  \0$aChyfrifon (Electronic)
=LKR  \\$aPAR$b020037242$lBLL01$nAdroddiad blynyddol a chyfrifon$mChyfrifon$r78001
=LAS  \\$a3072$b40$c20201210$lBLL01$h1148

