=LDR  01588nas a2200397 i 4500
=001  020577483
=003  Uk
=005  20220505095549.0
=007  cr\|||||||||||
=008  220505c20129999nikqr\p\\\\\\o0\\\a0eng\\
=FMT  \\$a  SE
=015  \\$aGBC281913$2bnb
=040  \\$aUk$beng$cUk$erda
=042  \\$aukblsr
=082  04$a362.8809416$223
=110  1\$aNorthern Ireland.$bCommission for Victims and Survivors,$eauthor.
=245  10$aVictims and Survivors Service quarterly review report /$cCommission for Victims and Survivors.
=246  1\$iWebsite list title:$aVSS quarterly review report
=246  13$aVictims and Survivors Service review report
=264  \1$a[Belfast] :$b[Commission for Victims and Survivors Northern Ireland]
=310  \\$aQuarterly
=336  \\$atext$2rdacontent
=337  \\$acomputer$2rdamedia
=338  \\$aonline resource$2rdacarrier
=362  0\$aOctober to December 2012-
=500  \\$aTitle from PDF cover (CVSNI website, viewed May 5, 2022).
=588  \\$aLatest issue consulted: April to September 2020, viewed May 5, 2022.
=610  10$aNorthern Ireland.$bVictims and Survivors Service$vPeriodicals.
=610  10$aNorthern Ireland.$bVictims and Survivors Service$vEvaluation$vPeriodicals.
=650  \0$aVictims of crimes$xServices for$zNorthern Ireland$vPeriodicals.
=859  \\$aELD$bejournal
=CAT  \\$a8483$b40$c20220505$lBLL01$h0954
=CAT  \\$a8483$b40$c20220505$lBLL01$h0955
=FIN  \\$aY$d20220505
=LET  \0$aVictim and Survivors Service quarterly review report (Electronic)
=LAS  \\$a8483$b40$c20220505$lBLL01$h0955

