=LDR  01084 as a22003377i 4500
=001  018996388
=003  Uk
=005  20190305175231.0
=007  ta
=008  180801c20109999enkar\p\\\\\\\0\\\a0eng\\
=FMT  \\$a  SE
=022  0\$a2090-8105$202
=040  \\$aUk$beng$cUk$erda
=042  \\$aissnuk
=210  0\$aStroke res. treat.$b(Print)
=222  \0$aStroke research and treatment$b(Print)
=245  00$aStroke research and treatment.
=264  \1$aCairo :$bHindawi Publishing Corporation
=264  31$a[London] :$b[Hindawi]
=310  \\$aAnnual
=336  \\$atext$2rdacontent
=337  \\$aunmediated$2rdamedia
=338  \\$avolume$2rdacarrier
=776  08$iAlso issued online as:$tStroke research and treatment$x2042-0056
=859  \\$aELD$bejournal
=985  \\$aDescription based on ISSN Portal record (viewed August 1, 2018).
=985  \\$aISSN responsibility transferred from ISSN Egypt to ISSN UK, 2018.
=CAT  \\$a10806$b40$c20180801$lBLL01$h1151
=CAT  \\$a14586$b40$c20190305$lBLL01$h1752
=FIN  \\$aY$d20180801
=LAS  \\$a14586$b40$c20190305$lBLL01$h1752

