=LDR  02766 as a2200613 a 4500
=001  016262236
=003  Uk
=005  20150512151908.0
=006  m\\\\\\\\d\|\\\\\\
=007  cr||||||||||||
=008  130130d200u201uenkar\p\o\\\\\0\\\a0eng\\
=FMT  \\$a  SE
=015  \\$aGBB309027$2bnb
=040  \\$aUk$beng$cUk$dUk
=042  \\$aukblsr
=082  04$a338.04$223
=130  0\$aQueen's Awards for Enterprise: publicising your success (Online)
=245  14$aThe Queen's Awards for Enterprise$h[electronic resource] :$bpublicising your success.
=246  1\$iMinor title change:$aPublicising your success :$bhow to get the most publicity from your Queen's award$f2010?-
=260  \\$a[London] :$bDepartment of Trade and Industry
=260  3\$aLondon :$bDepartment for Business Innovation and Skills
=310  \\$aAnnual
=336  \\$atext$2rdacontent
=337  \\$acomputer$2rdamedia
=338  \\$aonline resource$2rdacarrier
=538  \\$aMode of access: email.
=538  \\$aSystem requirements: Adobe Acrobat Reader.
=588  \\$aDescription based on print record.
=588  \\$aLatest issue consulted: 2012 annual reprint, originally issued in 2004.
=650  \0$aEntrepreneurship$zGreat Britain$vPeriodicals.
=690  7\$aManagement and Business Studies$2blcoll
=710  2\$aQueen's Awards Office.
=710  1\$aGreat Britain.$bDepartment for Business, Innovation and Skills.
=776  08$iAlso issued in print:$tQueen's Award for Enterprise : publicising your success.
=859  \\$aELD$bejournal
=985  \\$aemail subject line title: Queen's Awards for Enterprise. Publicising your success; evidence from Cambridge record that there is a 2012 print issue (unless a printout? but as in doubt print record kept open).
=CAT  \\$a5997$b40$c20130130$lBLL01$h0828
=CAT  \\$a5997$b40$c20130130$lBLL01$h0900
=CAT  \\$a5997$b40$c20130130$lBLL01$h0901
=CAT  \\$a5997$b40$c20130130$lBLL01$h0912
=CAT  \\$a3072$b40$c20130218$lBLL01$h1232
=CAT  \\$a3072$b40$c20130218$lBLL01$h1233
=CAT  \\$a3072$b40$c20130218$lBLL01$h1249
=CAT  \\$aBATCH-UPD$b40$c20130411$lBLL01$h1649
=CAT  \\$a8311$b40$c20131209$lBLL01$h1115
=CAT  \\$aBATCH-MBS$c20131213$lBLL01$h2140
=CAT  \\$a14112$b40$c20140120$lBLL01$h1717
=CAT  \\$aBATCH-UPD$b40$c20141226$lBLL01$h2133
=CAT  \\$a6550$b40$c20150512$lBLL01$h1519
=CAT  \\$aW1711-1005$c20171206$lBLL01$h1825
=FIN  \\$aY$d20130130
=LET  \0$aQueen's Awards for Enterprise - publicising your success (Electronic)
=LKR  \\$aPAR$b013450322$lBLL01$nQueen's Award for Enterprise : publicising your success (Print)$mQueen's Award for Enterprise: publicising your success (Online)$r776
=LAS  \\$aW1711-1005$b00$c20171206$lBLL01$h1825

