=LDR  00590 as a22002175i 4500
=001  018180440
=003  Uk
=005  20170117144614.0
=006  m\\\\\|\\d\|\\\\\\
=007  cr\|||||||||||
=008  170117c\\\\9999\\\\\\p\o\\\\\0\\\a0eng\\
=FMT  \\$a  SE
=245  00$aTomorrow's Care
=264  \1$bOpus Business Media Ltd
=336  \\$atext$2rdacontent
=337  \\$acomputer$2rdamedia
=338  \\$aonline resource$2rdacarrier
=859  \\$aELD$bejournal
=CAT  \\$a8311$b40$c20170117$lBLL01$h1446
=CAT  \\$aW1711-1005$c20171206$lBLL01$h1830
=LAS  \\$aW1711-1005$b00$c20171206$lBLL01$h1830

