=LDR  00752 as a22002537i 4500
=001  016491230
=003  Uk
=005  20130905093727.0
=006  m5\d\\|\\d\|\\\\\\
=007  cr\|||||||||||
=008  130905c\\\\9999\\\\\\p\o\\\\\0\\\a0eng\\
=FMT  \\$a  SE
=040  \\$aUk$beng$cUk$erda
=245  00$aThe British-Yemeni Society. Programme and Newsletter.
=264  \1$bLondon.
=336  \\$atext$2rdacontent
=337  \\$acomputer$2rdamedia
=338  \\$aonline resource$2rdacarrier
=859  \\$aELD$bejournal
=985  \\$aELD accessioning record awaiting upgrade
=CAT  \\$a10902$b40$c20130905$lBLL01$h0930
=CAT  \\$a10902$b40$c20130905$lBLL01$h0937
=CAT  \\$aW1711-1005$c20171206$lBLL01$h1825
=LAS  \\$aW1711-1005$b00$c20171206$lBLL01$h1825

