=LDR  01765 as a2200457 a 4500
=001  015946230
=003  Uk
=005  20140109112318.0
=006  m\\\\\\\\d\|\\\\\\
=007  cr||||||||||||
=008  111011c19989999enkar\\\s\\\\\0\\\a0eng\\
=040  \\$aUk$beng$cUk
=042  \\$aukblsr
=082  04$a720.941$223
=110  2\$aArchitects Registration Board (Great Britain)
=240  10$aAnnual report (Online)
=245  10$aAnnual report$h[electronic resource] /$cArchitects Registration Board.
=260  \\$aLondon :$bArchitects Registration Board
=336  \\$atext$2rdacontent
=337  \\$acomputer$2rdamedia
=338  \\$aonline resource$2rdacarrier
=362  1\$aPrint began with: 1997/98 issue.
=538  \\$aMode of access: World Wide Web.
=538  \\$aSystem requirements: Adobe Acrobat Reader.
=580  \\$aTo 2009 also issued in print; beginning with 2010 issued online only.
=588  \\$aDescription based on: 2000 issue; title from PDF caption (publisher's Web site, viewed Oct. 11, 2011).
=588  \\$aLatest issue consulted: 2010 (viewed Oct. 11, 2011).
=610  20$aArchitects Registration Board (Great Britain)$vPeriodicals.
=859  \\$aELD$bejournal
=CAT  \\$a5997$b40$c20111011$lBLL01$h1344
=CAT  \\$a5997$b40$c20111011$lBLL01$h1346
=CAT  \\$aBATCH-TCO$c20120117$lBLL01$h0039
=CAT  \\$a9512$b40$c20140109$lBLL01$h1123
=CAT  \\$aWR14.047$c20140417$lBLL01$h1646
=CAT  \\$aW1711-1005$c20171206$lBLL01$h1823
=FIN  \\$aY$d20111011
=FMT  \\$a  SE
=LAS  \\$aW1711-1005$b00$c20171206$lBLL01$h1823
=LET  \0$aAnnual report - Architects Registration Board (Electronic)
=LKR  \\$aPAR$b009909588$lBLL01$nAnnual report (Print)$mAnnual report (Online)$r78010
=TCO  \\$aCLA$bCLA$c008

