=LDR  00728nas a22002415i 4500
=001  020656715
=003  Uk
=005  20220624131414.0
=006  m\\\\\|\\d\|\\\\\\
=007  cr\|||||||||||
=008  220624c\\\\9999\\\\\\p\o\\\\\0\\\a0eng\\
=FMT  \\$a  SE
=022  \\$a0267-0623
=037  \\$a???$bBritish medical journal publishing group
=245  00$aBritish medical journal (Clinical research ed.)
=264  \1$bBritish medical journal publishing group
=336  \\$atext$2rdacontent
=337  \\$acomputer$2rdamedia
=338  \\$aonline resource$2rdacarrier
=859  \\$aELD$bejournal
=985  \\$aELD accessioning record awaiting upgrade
=CAT  \\$a9667$b40$c20220624$lBLL01$h1314
=LAS  \\$a9667$b40$c20220624$lBLL01$h1314

