=LDR  01377nas a2200385 i 4500
=001  020776140
=003  Uk
=005  20221013175856.0
=006  m\\\\\|\\d\|\\\\\\
=007  cr\|||||||||||
=008  221013c20189999enk\x\\\o\\\\o0\\\a0eng\\
=FMT  \\$a  SE
=040  \\$aUk$beng$cUk$erda
=042  \\$aukblsr
=082  04$a363.8$223
=110  2\$aSugar Reduction and Wider Reformulation Programme.
=245  10$aTable of stakeholder engagement.
=246  13$aReduction and reformulation programme:$btable of stakeholder engagement
=264  \1$a[London] :$bPublic Health England
=310  \\$aIrregular
=336  \\$atext$2rdacontent
=337  \\$acomputer$2rdamedia
=338  \\$aonline resource$2rdacarrier
=362  0\$aJune 2018/February 2019-
=500  \\$aFrom June 2020/February 2021 issued in HTML format only.
=500  \\$aTitle from PDF caption (GOV.UK, viewed October 13, 2021).
=588  \\$aLatest issue consulted: August 2019/June 2020 (viewed October 13, 2021).
=650  \0$aFood industry and trade$xHealth aspects$zEngland$vTabless.
=650  \0$aFood$xSugar content$zEngland$vStatistics$vPeriodicals.
=650  \0$aFood$xCalorie content$zEngland$vStatistics$vPeriodicals.
=650  \0$aCalorie reduction
=710  2\$aPublic
=859  \\$aELD$bejournal
=CAT  \\$a3072$b40$c20221013$lBLL01$h1758
=LAS  \\$a3072$b40$c20221013$lBLL01$h1758

