=LDR  02158nas a2200493 i 4500
=001  021163279
=003  Uk
=005  20230808121653.0
=006  m\\\\\|\\d\|\\\\\\
=007  cr\|||||||||||
=008  230803c20109999nikar\p\o\s\\o0\\\a0eng\\
=FMT  \\$a  SE
=015  \\$aGBC3E5221$2bnb
=040  \\$aUk$beng$cUk$erda
=042  \\$aukblsr
=082  04$a362.17709416$223
=245  00$aNorthern Ireland waiting time statistics.$pDiagnostic waiting times.
=246  30$aDiagnostic waiting times
=264  \1$aBelfast :$bHospital Information Branch, Department of Health, Social Services & Public Safety
=264  31$32016- :$aBelfast :$bHospital Information Branch, Department of Health
=300  \\$billustrations (colour)
=310  \\$aQuarterly
=336  \\$atext$2rdacontent
=337  \\$acomputer$2rdamedia
=338  \\$aonline resource$2rdacarrier
=362  0\$aQE Dec. 2010-
=580  \\$aOriginal print version preceded by earlier title: Northern Ireland waiting lists.
=588  \\$aDescription based on print version record.
=588  \\$aLatest issue consulted: Quarter ending June 2022 (NI Department of Health website, viewed August 3, 2023).
=650  \7$aMedical appointments and schedules.$2fast$0(OCoLC)fst01013701
=650  \7$aDiagnostic services.$2fast$0(OCoLC)fst00892386
=651  \7$aNorthern Ireland.$2fast$0(OCoLC)fst01205215
=655  \7$aPeriodicals.$2fast$0(OCoLC)fst01411641
=655  \7$aStatistics.$2fast$0(OCoLC)fst01423727
=776  08$iAlso issued in print -<2016> as:$tNorthern Ireland waiting time statistics. Diagnostic waiting times
=859  \\$aELD$bejournal
=CAT  \\$a8483$b40$c20230803$lBLL01$h1505
=CAT  \\$a8483$b40$c20230803$lBLL01$h1508
=CAT  \\$a8483$b40$c20230803$lBLL01$h1516
=CAT  \\$a8483$b40$c20230808$lBLL01$h1216
=FIN  \\$aY$d20230803
=LET  \0$aNorthern Ireland waiting time statistics. Diagnostic waiting times (Electronic)
=LKR  \\$aPAR$b015800948$lBLL01$r776$mNorthern Ireland waiting time statistics. Diagnostic waiting times (Online)$nNorthern Ireland waiting time Diagnostic waiting times (Print)
=LAS  \\$a8483$b40$c20230808$lBLL01$h1216

