=LDR  01720nas a2200445 i 4500
=001  021246908
=003  Uk
=005  20231011154246.0
=006  m\\\\\|\\d\|\\\\\\
=007  cr\|||||||||||
=008  231011c20199999enkar\\\o\\\\\0\\\a0eng\\
=FMT  \\$a  SE
=040  \\$aUk$beng$cUk$erda
=042  \\$aukblsr
=082  04$a362.10942143$223
=110  2\$aWhittington Health,$eauthor.
=245  10$aWhittington Health ... annual report /$cWhittington Health NHS Trust.
=246  1\$iWebsite link title:$aAnnual report
=264  \1$a[London] :$bWhittington Health NHS Trust
=300  \\$billustrations (colour)
=310  \\$aAnnual
=336  \\$atext$2rdacontent
=337  \\$acomputer$2rdamedia
=338  \\$aonline resource$2rdacarrier
=362  0\$a2019/2020-
=500  \\$aTitle from PDF title page (Whittington Health NHS trust Web site, viewed October 11, 2023).
=588  \\$aLatest issue consulted: 2022/2023 (viewed October 11, 2023).
=610  27$aWhittington Health$2fast$0(OCoLC)fst02049615
=655  \7$aStatistics.$2fast$0(OCoLC)fst01423727
=655  \7$aAnnual reports.$2fast$0(OCoLC)fst01919893
=780  00$aWhittington Health.$tAnnual report & financial summary accounts
=859  \\$aELD$bejournal
=CAT  \\$a8483$b40$c20231011$lBLL01$h1540
=CAT  \\$a8483$b40$c20231011$lBLL01$h1541
=CAT  \\$a8483$b40$c20231011$lBLL01$h1542
=CAT  \\$a8483$b40$c20231011$lBLL01$h1542
=FIN  \\$aY$d20231011
=LET  \0$aWhittington Health annual report (Electronic)
=LKR  \\$aPAR$b018492523$lBLL01$r78000$mWhittington Health ... annual report / Whittington Health$nAnnual report & financial summary accounts / Whittington Health
=LAS  \\$a8483$b40$c20231011$lBLL01$h1542

